@misx{foran2015total,
  title={Total hip replacement},
  author={Foran, Jared R. H.},
  note={Accessed: 2019-10-10}
}

@article{barbour2013prevalence,
  title={Prevalence of doctor-diagnosed arthritis and arthritis-attributable activity limitationâ€”United States, 2010--2012},
  author={Barbour, Kamil E and Helmick, Charles G and Theis, Kristina A and Murphy, Louise B and Hootman, Jennifer M and Brady, Teresa J and Cheng, Yiling J},
  journal={MMWR. Morbidity and mortality weekly report},
  volume={62},
  number={44},
  pages={869},
  year={2013},
  publisher={Centers for Disease Control and Prevention}
}

@article{hootman2016updated,
  title={Updated projected prevalence of self-reported doctor-diagnosed arthritis and arthritis-attributable activity limitation among US adults, 2015--2040},
  author={Hootman, Jennifer M and Helmick, Charles G and Barbour, Kamil E and Theis, Kristina A and Boring, Michael A},
  journal={Arthritis \& rheumatology},
  volume={68},
  number={7},
  pages={1582--1587},
  year={2016},
  publisher={Wiley Online Library}
}

@Report{canadian2019hip,
  Title={Hip and Knee Replacements in Canada, 2017--2018: Canadian Joint Replacement Registry Annual Report.},
  Author                   = {{Canadian Joint Replacement Registry}},
  Institution              = {Canadian Institute for Health Information},
  Year                     = {2019},
  Location                 = {Ottawa, ON},
}

@inproceedings{malchau2000update,
  title={Update and validation of results from the Swedish Hip Arthroplasty Registry 1979-1998},
  author={Malchau, P and Herberts, P and Soderman, P and Oden, A},
  booktitle={Procs 67th Annual Meeting of the American Academy of Orthopaedic Surgeons},
  year={2000}
}

@article{olivares2015implant,
  title={Implant materials generate different peri-implant inflammatory factors: poly-ether-ether-ketone promotes fibrosis and microtextured titanium promotes osteogenic factors},
  author={Olivares-Navarrete, Rene and Hyzy, Sharon L and Slosar, Paul J and Schneider, Jennifer M and Schwartz, Zvi and Boyan, Barbara D},
  journal={Spine},
  volume={40},
  number={6},
  pages={399},
  year={2015},
  publisher={Wolters Kluwer Health}
}

@article{bandyopadhyay2010influence,
  title={Influence of porosity on mechanical properties and in vivo response of Ti6Al4V implants},
  author={Bandyopadhyay, Amit and Espana, Felix and Balla, Vamsi Krishna and Bose, Susmita and Ohgami, Yusuke and Davies, Neal M},
  journal={Acta biomaterialia},
  volume={6},
  number={4},
  pages={1640--1648},
  year={2010},
  publisher={Elsevier}
}

@article{wirtz2000critical,
  title={Critical evaluation of known bone material properties to realize anisotropic FE-simulation of the proximal femur},
  author={Wirtz, Dieter Christian and Schiffers, Norbert and Pandorf, Thomas and Radermacher, Klaus and Weichert, Dieter and Forst, Raimund},
  journal={Journal of biomechanics},
  volume={33},
  number={10},
  pages={1325--1330},
  year={2000},
  publisher={Elsevier}
}

@book{wolff2012law,
  title={The law of bone remodelling},
  author={Wolff, Julius},
  year={2012},
  publisher={Springer Science \& Business Media}
}

@article{head1995titanium,
  title={Titanium as the material of choice for cementless femoral components in total hip arthroplasty.},
  author={Head, William C and Bauk, Daniel J and Emerson Jr, Roger H},
  journal={Clinical orthopaedics and related research},
  number={311},
  pages={85--90},
  year={1995}
}

@article{huang2021integrated,
  title={Integrated design framework of 3D printed planar stainless tubular joint: Modelling, optimization, manufacturing, and experiment},
  author={Huang, Senbin and Deng, Xiaowei and Lam, Ling Kin},
  journal={Thin-Walled Structures},
  volume={169},
  pages={108463},
  year={2021},
  publisher={Elsevier}
}

@article{deng2015topology,
    author = {Deng, Xiaowei and Wang, Yingjun and Yan, Jinhui and Liu, Tao and Wang, Shuting},
    title = "{Topology Optimization of Total Femur Structure: Application of Parameterized Level Set Method Under Geometric Constraints}",
    journal = {Journal of Mechanical Design},
    volume = {138},
    number = {1},
    year = {2015},
    month = {11},
    issn = {1050-0472},
    doi = {10.1115/1.4031803},
    url = {https://doi.org/10.1115/1.4031803},
    note = {011402},
    eprint = {https://asmedigitalcollection.asme.org/mechanicaldesign/article-pdf/138/1/011402/6227041/md\_138\_01\_011402.pdf},
}

@article{niroomand2018application,
  title={Application of Topology Optimization in Design of Stem Profile in Hip Implants using Finite Element Method},
  author={Niroomand, Mohammad Reza and Boroomand, Farzad},
  journal={ADMT Journal},
  volume={11},
  number={2},
  pages={95--101},
  year={2018},
  publisher={Islamic Azad University Majlesi Branch}
}

@article{munteanu2019additively,
  title={Additively manufactured femoral stem topology optimization: case study},
  author={Munteanu, Sorin and Munteanu, Daniel and Gheorghiu, Bogdan and Bedo, Tibor and Gabor, Camelia and Cremascoli, Patrizio and Alemani, Fabio and Pop, Mihai Alin},
  journal={Materials Today: Proceedings},
  volume={19},
  pages={1019--1025},
  year={2019},
  publisher={Elsevier}
}

@article{khanoki2012multiscale,
  title={Multiscale design and multiobjective optimization of orthopedic hip implants with functionally graded cellular material},
  author={Khanoki, S Arabnejad and Pasini, Damiano},
  journal={J Biomech Eng},
  volume={134},
  number={3},
  pages={031004},
  year={2012}
}

@article{arabnejad2017fully,
  title={Fully porous 3D printed titanium femoral stem to reduce stress-shielding following total hip arthroplasty},
  author={Arabnejad, Sajad and Johnston, Burnett and Tanzer, Michael and Pasini, Damiano},
  journal={Journal of Orthopaedic Research},
  volume={35},
  number={8},
  pages={1774--1783},
  year={2017},
  publisher={Wiley Online Library}
}

@article{wang2018hip,
  title={Hip implant design with three-dimensional porous architecture of optimized graded density},
  author={Wang, Yingjun and Arabnejad, Sajad and Tanzer, Michael and Pasini, Damiano},
  journal={Journal of Mechanical Design},
  volume={140},
  number={11},
  pages={111406},
  year={2018},
  publisher={American Society of Mechanical Engineers}
}

@article{arabnejad2016high,
  title={High-strength porous biomaterials for bone replacement: A strategy to assess the interplay between cell morphology, mechanical properties, bone ingrowth and manufacturing constraints},
  author={Arabnejad, Sajad and Johnston, R Burnett and Pura, Jenny Ann and Singh, Baljinder and Tanzer, Michael and Pasini, Damiano},
  journal={Acta biomaterialia},
  volume={30},
  pages={345--356},
  year={2016},
  publisher={Elsevier}
}

@article{xu2016design,
  title={Design of lattice structures with controlled anisotropy},
  author={Xu, Shanqing and Shen, Jianhu and Zhou, Shiwei and Huang, Xiaodong and Xie, Yi Min},
  journal={Materials \& Design},
  volume={93},
  pages={443--447},
  year={2016},
  publisher={Elsevier}
}

@article{painkra2018anisotropic,
  title={An anisotropic analysis of human femur bone with walking posture: experimental and numerical analysis},
  author={Painkra, Ritu and Sanyal, Shubhashis and Bit, Arindam},
  journal={BioNanoScience},
  volume={8},
  number={4},
  pages={1054--1064},
  year={2018},
  publisher={Springer}
}

@article{dong2019149,
  title={A 149 line homogenization code for three-dimensional cellular materials written in matlab},
  author={Dong, Guoying and Tang, Yunlong and Zhao, Yaoyao Fiona},
  journal={Journal of Engineering Materials and Technology},
  volume={141},
  number={1},
  year={2019},
  publisher={American Society of Mechanical Engineers Digital Collection}
}

@article{wang2021data,
  title={Data-driven topology optimization with multiclass microstructures using latent variable Gaussian process},
  author={Wang, Liwei and Tao, Siyu and Zhu, Ping and Chen, Wei},
  journal={Journal of Mechanical Design},
  volume={143},
  number={3},
  year={2021},
  publisher={American Society of Mechanical Engineers Digital Collection}
}

@article{arabnejad2013mechanical,
  title={Mechanical properties of lattice materials via asymptotic homogenization and comparison with alternative homogenization methods},
  author={Arabnejad, Sajad and Pasini, Damiano},
  journal={International Journal of Mechanical Sciences},
  volume={77},
  pages={249--262},
  year={2013},
  publisher={Elsevier}
}

@book{abrahamsen1997review,
  title={A review of Gaussian random fields and correlation functions},
  author={Abrahamsen, Petter},
  volume={510},
  year={1997},
  publisher={Norsk Regnesentral/Norwegian Computing Center Oslo}
}

@incollection{kang2006three,
  title={Three-Dimensional Lookup Table with Interpolation},
  author={Kang, Henry R},
  booktitle={Computational Color Technology},
  pages={151--159},
  year={2006},
  publisher={SPIE press}
}

@article{tsai1971general,
  title={A general theory of strength for anisotropic materials},
  author={Tsai, Stephen W and Wu, Edward M},
  journal={Journal of composite materials},
  volume={5},
  number={1},
  pages={58--80},
  year={1971},
  publisher={Sage Publications Sage CA: Thousand Oaks, CA}
}

@article{harrysson2008direct,
  title={Direct metal fabrication of titanium implants with tailored materials and mechanical properties using electron beam melting technology},
  author={Harrysson, Ola LA and Cansizoglu, Omer and Marcellin-Little, Denis J and Cormier, Denis R and West II, Harvey A},
  journal={Materials Science and Engineering: C},
  volume={28},
  number={3},
  pages={366--373},
  year={2008},
  publisher={Elsevier}
}

@article{de2013bone,
  title={Bone regeneration by the osteoconductivity of porous titanium implants manufactured by selective laser melting: a histological and micro computed tomography study in the rabbit},
  author={de Wild, Michael and Schumacher, Ralf and Mayer, Kyrill and Schkommodau, Erik and Thoma, Daniel and Bredell, Marius and Kruse Gujer, Astrid and Gr{\"a}tz, Klaus W and Weber, Franz E},
  journal={Tissue Engineering Part A},
  volume={19},
  number={23-24},
  pages={2645--2654},
  year={2013},
  publisher={Mary Ann Liebert, Inc. 140 Huguenot Street, 3rd Floor New Rochelle, NY 10801 USA}
}



@article{svanberg1987method,
  title={The method of moving asymptotesâ€”a new method for structural optimization},
  author={Svanberg, Krister},
  journal={International journal for numerical methods in engineering},
  volume={24},
  number={2},
  pages={359--373},
  year={1987},
  publisher={Wiley Online Library}
}

@incollection{kuiper1992numerical,
  title={Numerical optimization of hip-prosthetic stem material},
  author={Kuiper, JHh and Huiskes, HWJ},
  booktitle={Recent advances in computer methods in biomechanics and biomedical engineering ams},
  pages={76--84},
  year={1992},
  publisher={Books and Journals International}
}

@article{hoy2012systematic,
  title={A systematic review of the global prevalence of low back pain},
  author={Hoy, Damian and Bain, Christopher and Williams, Gail and March, Lyn and Brooks, Peter and Blyth, Fiona and Woolf, Anthony and Vos, Theo and Buchbinder, Rachelle},
  journal={Arthritis \& Rheumatism},
  volume={64},
  number={6},
  pages={2028--2037},
  year={2012},
  publisher={Wiley Online Library}
}

@article{vos2012years,
  title={Years lived with disability (YLDs) for 1160 sequelae of 289 diseases and injuries 1990--2010: a systematic analysis for the Global Burden of Disease Study 2010},
  author={Vos, Theo and Flaxman, Abraham D and Naghavi, Mohsen and Lozano, Rafael and Michaud, Catherine and Ezzati, Majid and Shibuya, Kenji and Salomon, Joshua A and Abdalla, Safa and Aboyans, Victor and others},
  journal={The lancet},
  volume={380},
  number={9859},
  pages={2163--2196},
  year={2012},
  publisher={Elsevier}
}

@article{grabovac2019association,
  title={Association between low back pain and various everyday performances},
  author={Grabovac, Igor and Dorner, Thomas Ernst},
  journal={Wiener klinische Wochenschrift},
  volume={131},
  number={21},
  pages={541--549},
  year={2019},
  publisher={Springer}
}

@article{makris2017physical,
  title={Physical, emotional, and social impacts of restricting back pain in older adults: A qualitative study},
  author={Makris, Una E and Higashi, Robin T and Marks, Emily G and Fraenkel, Liana and Gill, Thomas M and Friedly, Janna L and Reid, M Carrington},
  journal={Pain Medicine},
  volume={18},
  number={7},
  pages={1225--1235},
  year={2017},
  publisher={Oxford University Press}
}

@article{zhang2009clinical,
  title={Clinical diagnosis for discogenic low back pain},
  author={Zhang, Yin-gang and Guo, Tuan-mao and Guo, Xiong and Wu, Shi-xun},
  journal={International journal of biological sciences},
  volume={5},
  number={7},
  pages={647},
  year={2009},
  publisher={Ivyspring International Publisher}
}

@book{herkowitz2011rothman,
  title={Rothman-simeone the spine E-book: expert consult},
  author={Herkowitz, Harry N and Garfin, Steven R and Eismont, Frank J and Bell, Gordon R and Balderston, Richard A},
  volume={1},
  year={2011},
  publisher={Elsevier Health Sciences}
}

@article{mobbs2015lumbar,
  title={Lumbar interbody fusion: techniques, indications and comparison of interbody fusion options including PLIF, TLIF, MI-TLIF, OLIF/ATP, LLIF and ALIF},
  author={Mobbs, Ralph J and Phan, Kevin and Malham, Greg and Seex, Kevin and Rao, Prashanth J},
  journal={Journal of spine surgery},
  volume={1},
  number={1},
  pages={2},
  year={2015},
  publisher={OSS Press}
}

@article{yavin2017lumbar,
  title={Lumbar fusion for degenerative disease: a systematic review and meta-analysis},
  author={Yavin, Daniel and Casha, Steven and Wiebe, Samuel and Feasby, Thomas E and Clark, Callie and Isaacs, Albert and Holroyd-Leduc, Jayna and Hurlbert, R John and Quan, Hude and Nataraj, Andrew and others},
  journal={Neurosurgery},
  volume={80},
  number={5},
  pages={701--715},
  year={2017},
  publisher={Oxford University Press}
}

@article{warburton2020biomaterials,
  title={Biomaterials in spinal implants: a review},
  author={Warburton, Andrew and Girdler, Steven J and Mikhail, Christopher M and Ahn, Amy and Cho, Samuel K},
  journal={Neurospine},
  volume={17},
  number={1},
  pages={101},
  year={2020},
  publisher={Korean Spinal Neurosurgery Society}
}

@article{reid2019state,
  title={State of the union: a review of lumbar fusion indications and techniques for degenerative spine disease: JNSPG 75th Anniversary Invited Review Article},
  author={Reid, Patrick C and Morr, Simon and Kaiser, Michael G},
  journal={Journal of Neurosurgery: Spine},
  volume={31},
  number={1},
  pages={1--14},
  year={2019},
  publisher={American Association of Neurological Surgeons}
}

@article{wolff1893gesetz,
  title={Das gesetz der transformation der knochen},
  author={Wolff, Julius},
  journal={DMW-Deutsche Medizinische Wochenschrift},
  volume={19},
  number={47},
  pages={1222--1224},
  year={1893},
  publisher={{\copyright} Georg Thieme Verlag, Stuttgart}
}

@article{jain2016advances,
  title={Advances in spinal interbody cages},
  author={Jain, Sukrit and Eltorai, Adam EM and Ruttiman, Roy and Daniels, Alan H},
  journal={Orthopaedic surgery},
  volume={8},
  number={3},
  pages={278--284},
  year={2016},
  publisher={Wiley Online Library}
}

@article{abdu2018long,
  title={Long-term results of surgery compared with nonoperative treatment for lumbar degenerative spondylolisthesis in the Spine Patient Outcomes Research Trial (SPORT)},
  author={Abdu, William A and Sacks, Olivia A and Tosteson, Anna NA and Zhao, Wenyan and Tosteson, Tor D and Morgan, Tamara S and Pearson, Adam and Weinstein, James N and Lurie, Jon D},
  journal={Spine},
  volume={43},
  number={23},
  pages={1619},
  year={2018},
  publisher={NIH Public Access}
}

@article{williams2005ct,
  title={CT evaluation of lumbar interbody fusion: current concepts},
  author={Williams, Alan L and Gornet, Matthew F and Burkus, J Kenneth},
  journal={American Journal of Neuroradiology},
  volume={26},
  number={8},
  pages={2057--2066},
  year={2005},
  publisher={Am Soc Neuroradiology}
}

@article{chen2018scaffold,
  title={Scaffold structural microenvironmental cues to guide tissue regeneration in bone tissue applications},
  author={Chen, Xuening and Fan, Hongyuan and Deng, Xiaowei and Wu, Lina and Yi, Tao and Gu, Linxia and Zhou, Changchun and Fan, Yujiang and Zhang, Xingdong},
  journal={Nanomaterials},
  volume={8},
  number={11},
  pages={960},
  year={2018},
  publisher={MDPI}
}

@article{pimenta2012biomechanics,
  title={Biomechanics of lateral interbody spacers: going wider for going stiffer},
  author={Pimenta, Luiz and Turner, Alexander WL and Dooley, Zachary A and Parikh, Rachit D and Peterson, Mark D},
  journal={The Scientific World Journal},
  volume={2012},
  year={2012},
  publisher={Hindawi}
}

@article{pichelmann2010revision,
  title={Revision rates following primary adult spinal deformity surgery: six hundred forty-three consecutive patients followed-up to twenty-two years postoperative},
  author={Pichelmann, Mark A and Lenke, Lawrence G and Bridwell, Keith H and Good, Christopher R and O'Leary, Patrick T and Sides, Brenda A},
  journal={Spine},
  volume={35},
  number={2},
  pages={219--226},
  year={2010},
  publisher={LWW}
}

@article{deng2016topology,
  title={Topology optimization of total femur structure: application of parameterized level set method under geometric constraints},
  author={Deng, Xiaowei and Wang, Yingjun and Yan, Jinhui and Liu, Tao and Wang, Shuting},
  journal={Journal of Mechanical Design},
  volume={138},
  number={1},
  pages={011402},
  year={2016},
  publisher={American Society of Mechanical Engineers}
}

@article{arabnejad2012multiscale,
  title={Multiscale design and multiobjective optimization of orthopedic hip implants with functionally graded cellular material},
  author={Arabnejad Khanoki, Sajad and Pasini, Damiano},
  journal={Journal of biomechanical engineering},
  volume={134},
  number={3},
  year={2012},
  publisher={American Society of Mechanical Engineers Digital Collection}
}

@article{zhong2006finite,
  title={Finite element analysis of the lumbar spine with a new cage using a topology optimization method},
  author={Zhong, Zheng-Cheng and Wei, Shun-Hwa and Wang, Jung-Pin and Feng, Chi-Kuang and Chen, Chen-Sheng and Yu, Chung-huang},
  journal={Medical Engineering \& Physics},
  volume={28},
  number={1},
  pages={90--98},
  year={2006},
  publisher={Elsevier}
}

@article{schnitzer2020comparison,
  title={A comparison of experimental compressive axial loading testing with a numerical simulation of topologically optimized cervical implants made by selective laser melting},
  author={Schnitzer, Marek and Hud{\'a}k, Radovan and Sedla{\v{c}}ko, Peter and Rajt'{\'u}kov{\'a}, Vikt{\'o}ria and Balogov{\'a}, Alena Findrik and {\v{Z}}iv{\v{c}}{\'a}k, Jozef and Kula, Tom{\'a}{\v{s}} and Bocko, Jozef and D{\v{z}}upon, Miroslav and I{\v{z}}ar{\'\i}kov{\'a}, Gabriela and others},
  journal={Journal of Biotechnology},
  volume={322},
  pages={33--42},
  year={2020},
  publisher={Elsevier}
}

@article{bashkuev2015computational,
  title={Computational analyses of different intervertebral cages for lumbar spinal fusion},
  author={Bashkuev, Maxim and Checa, Sara and Postigo, Sergio and Duda, Georg and Schmidt, Hendrik},
  journal={Journal of biomechanics},
  volume={48},
  number={12},
  pages={3274--3282},
  year={2015},
  publisher={Elsevier}
}

@article{chen2021computational,
  title={Computational comparison of three different cage porosities in posterior lumbar interbody fusion with porous cage},
  author={Chen, Yen-Nien and Chang, Chih-Wei},
  journal={Computers in Biology and Medicine},
  volume={139},
  pages={105036},
  year={2021},
  publisher={Elsevier}
}

@article{pan2021design,
  title={Design of customize interbody fusion cages of Ti64ELI with gradient porosity by selective laser melting process},
  author={Pan, Cheng-Tang and Lin, Che-Hsin and Huang, Ya-Kang and Jang, Jason SC and Lin, Hsuan-Kai and Kuo, Che-Nan and Lin, De-Yao and Huang, Jacob C},
  journal={Micromachines},
  volume={12},
  number={3},
  pages={307},
  year={2021},
  publisher={MDPI}
}

@article{taimela1997prevalence,
  title={The prevalence of low back pain among children and adolescents: a nationwide, cohort-based questionnaire survey in Finland},
  author={Taimela, Simo and Kujala, Urho M and Salminen, Jouko J and Viljanen, Tero},
  journal={Spine},
  volume={22},
  number={10},
  pages={1132--1136},
  year={1997},
  publisher={LWW}
}

@article{manchikanti2009comprehensive,
  title={Comprehensive review of epidemiology, scope, and impact of spinal pain},
  author={Manchikanti, Laxmaiah and Singh, Vijay and Datta, Sukdeb and Cohen, Steven P and Hirsch, Joshua A},
  journal={Pain physician},
  volume={12},
  number={4},
  pages={E35},
  year={2009},
  publisher={American Society of Interventional Pain Physician}
}

@article{casazza2012diagnosis,
  title={Diagnosis and treatment of acute low back pain},
  author={Casazza, Brian A},
  journal={American family physician},
  volume={85},
  number={4},
  pages={343--350},
  year={2012}
}

@article{kim2019expenditures,
  title={Expenditures and health care utilization among adults with newly diagnosed low back and lower extremity pain},
  author={Kim, Lily H and Vail, Daniel and Azad, Tej D and Bentley, Jason P and Zhang, Yi and Ho, Allen L and Fatemi, Paras and Feng, Austin and Varshneya, Kunal and Desai, Manisha and others},
  journal={JAMA Network Open},
  volume={2},
  number={5},
  pages={e193676--e193676},
  year={2019},
  publisher={American Medical Association}
}

@book{pinheiro2015advanced,
  title={Advanced concepts in lumbar degenerative disk disease},
  author={Pinheiro-Franco, Jo{\~a}o Luiz and Vaccaro, Alexander R and Benzel, Edward C and Mayer, H Michael},
  year={2015},
  publisher={Springer}
}

@article{wolfe1995prevalence,
  title={The prevalence and characteristics of fibromyalgia in the general population},
  author={Wolfe, Frederick and Ross, Kathryn and Anderson, Janice and Russell, I Jon and Hebert, Liesi87},
  journal={Arthritis \& Rheumatism: Official Journal of the American College of Rheumatology},
  volume={38},
  number={1},
  pages={19--28},
  year={1995},
  publisher={Wiley Online Library}
}

@article{guo1999back,
  title={Back pain prevalence in US industry and estimates of lost workdays.},
  author={Guo, How-Ran and Tanaka, Shiro and Halperin, William E and Cameron, Lorraine L},
  journal={American journal of public health},
  volume={89},
  number={7},
  pages={1029--1035},
  year={1999},
  publisher={American Public Health Association}
}

@book{elmarakbi2013advanced,
  title={Advanced composite materials for automotive applications: Structural integrity and crashworthiness},
  author={Elmarakbi, Ahmed},
  year={2013},
  publisher={John Wiley \& Sons}
}

@incollection{mazur2017mechanical,
  title={Mechanical properties of Ti6Al4V and AlSi12Mg lattice structures manufactured by Selective Laser Melting (SLM)},
  author={Mazur, Maciej and Leary, Martin and McMillan, Matthew and Sun, Shoujin and Shidid, Darpan and Brandt, Milan},
  booktitle={Laser additive manufacturing},
  pages={119--161},
  year={2017},
  publisher={Elsevier}
}

@article{fleck2004overview,
  title={An overview of the mechanical properties of foams and periodic lattice materials},
  author={Fleck, Norman A},
  journal={Cell Met Polym},
  pages={3--7},
  year={2004}
}

@article{bobbert2018towards,
  title={Towards deployable meta-implants},
  author={Bobbert, FSL and Janbaz, S and Zadpoor, AA},
  journal={Journal of Materials Chemistry B},
  volume={6},
  number={21},
  pages={3449--3455},
  year={2018},
  publisher={Royal Society of Chemistry}
}

@article{jianguo2014morphology,
  title={Morphology analysis of a foldable kirigami structure based on Miura origami},
  author={Jianguo, Cai and Xiaowei, Deng and Jian, Feng},
  journal={Smart materials and structures},
  volume={23},
  number={9},
  pages={094011},
  year={2014},
  publisher={IOP Publishing}
}

@article{jianguo2015bistable,
  title={Bistable behavior of the cylindrical origami structure with Kresling pattern},
  author={Jianguo, Cai and Xiaowei, Deng and Ya, Zhou and Jian, Feng and Yongming, Tu},
  journal={Journal of Mechanical Design},
  volume={137},
  number={6},
  pages={061406},
  year={2015},
  publisher={American Society of Mechanical Engineers}
}

@inproceedings{cai2016deployment,
  title={Deployment simulation of Miura-origami membrane structures},
  author={Cai, Jianguo and Ren, Zheng and Ding, Yifan and Feng, Jian and Deng, Xiaowei and Zhou, Wu and Xu, Yixiang},
  booktitle={International Design Engineering Technical Conferences and Computers and Information in Engineering Conference},
  volume={50169},
  pages={V05BT07A002},
  year={2016},
  organization={American Society of Mechanical Engineers}
}

@article{cai2016motion,
  title={Motion analysis of a foldable barrel vault based on regular and irregular Yoshimura origami},
  author={Cai, Jianguo and Deng, Xiaowei and Xu, Yixiang and Feng, Jian},
  journal={Journal of Mechanisms and Robotics},
  volume={8},
  number={2},
  pages={021017},
  year={2016},
  publisher={American Society of Mechanical Engineers}
}

@article{cai2017deployment,
  title={Deployment simulation of foldable origami membrane structures},
  author={Cai, Jianguo and Ren, Zheng and Ding, Yifan and Deng, Xiaowei and Xu, Yixiang and Feng, Jian},
  journal={Aerospace Science and Technology},
  volume={67},
  pages={343--353},
  year={2017},
  publisher={Elsevier}
}

@incollection{liu2017aerospace,
  title={Aerospace applications of laser additive manufacturing},
  author={Liu, Renwei and Wang, Zhiyuan and Sparks, Todd and Liou, Frank and Newkirk, Joseph},
  booktitle={Laser additive manufacturing},
  pages={351--371},
  year={2017},
  publisher={Elsevier}
}

@article{calignano2017overview,
  title={Overview on additive manufacturing technologies},
  author={Calignano, Flaviana and Manfredi, Diego and Ambrosio, Elisa Paola and Biamino, Sara and Lombardi, Mariangela and Atzeni, Eleonora and Salmi, Alessandro and Minetola, Paolo and Iuliano, Luca and Fino, Paolo},
  journal={Proceedings of the IEEE},
  volume={105},
  number={4},
  pages={593--612},
  year={2017},
  publisher={IEEE}
}

@article{mahmoud2017lattice,
  title={Lattice structures and functionally graded materials applications in additive manufacturing of orthopedic implants: a review},
  author={Mahmoud, Dalia and Elbestawi, Mohamed A},
  journal={Journal of Manufacturing and Materials Processing},
  volume={1},
  number={2},
  pages={13},
  year={2017},
  publisher={MDPI}
}

@article{gupta2015recent,
  title={Recent development in modeling and analysis of functionally graded materials and structures},
  author={Gupta, Ankit and Talha, Mohammad},
  journal={Progress in Aerospace Sciences},
  volume={79},
  pages={1--14},
  year={2015},
  publisher={Elsevier}
}

@article{cheng2014additively,
  title={Additively manufactured 3D porous Ti-6Al-4V constructs mimic trabecular bone structure and regulate osteoblast proliferation, differentiation and local factor production in a porosity and surface roughness dependent manner},
  author={Cheng, Alice and Humayun, Aiza and Cohen, David J and Boyan, Barbara D and Schwartz, Zvi},
  journal={Biofabrication},
  volume={6},
  number={4},
  pages={045007},
  year={2014},
  publisher={IOP Publishing}
}

@article{van2012effect,
  title={The effect of pore geometry on the in vitro biological behavior of human periosteum-derived cells seeded on selective laser-melted Ti6Al4V bone scaffolds},
  author={Van Bael, Simon and Chai, Yoke Chin and Truscello, Silvia and Moesen, Maarten and Kerckhofs, Greet and Van Oosterwyck, Hans and Kruth, J-P and Schrooten, JJAB},
  journal={Acta biomaterialia},
  volume={8},
  number={7},
  pages={2824--2834},
  year={2012},
  publisher={Elsevier}
}

@article{li2007bone,
  title={Bone ingrowth in porous titanium implants produced by 3D fiber deposition},
  author={Li, Jia Ping and Habibovic, Pamela and van den Doel, Mirella and Wilson, Clayton E and de Wijn, Joost R and van Blitterswijk, Clemens A and de Groot, Klaas},
  journal={Biomaterials},
  volume={28},
  number={18},
  pages={2810--2820},
  year={2007},
  publisher={Elsevier}
}

@article{balla2010porous,
  title={Porous tantalum structures for bone implants: fabrication, mechanical and in vitro biological properties},
  author={Balla, Vamsi Krishna and Bodhak, Subhadip and Bose, Susmita and Bandyopadhyay, Amit},
  journal={Acta biomaterialia},
  volume={6},
  number={8},
  pages={3349--3359},
  year={2010},
  publisher={Elsevier}
}

@article{xue2007processing,
  title={Processing and biocompatibility evaluation of laser processed porous titanium},
  author={Xue, Weichang and Krishna, B Vamsi and Bandyopadhyay, Amit and Bose, Susmita},
  journal={Acta biomaterialia},
  volume={3},
  number={6},
  pages={1007--1018},
  year={2007},
  publisher={Elsevier}
}

@article{khanoki2013fatigue,
  title={Fatigue design of a mechanically biocompatible lattice for a proof-of-concept femoral stem},
  author={Khanoki, Sajad Arabnejad and Pasini, Damiano},
  journal={journal of the mechanical behavior of biomedical materials},
  volume={22},
  pages={65--83},
  year={2013},
  publisher={Elsevier}
}

@article{ezquerro2004combination,
  title={Combination of finite element modeling and optimization for the study of lumbar spine biomechanics considering the 3D thorax--pelvis orientation},
  author={Ezquerro, Francisco and Sim{\'o}n, Antonio and Prado, Mar{\'\i}a and P{\'e}rez, Ana},
  journal={Medical engineering \& physics},
  volume={26},
  number={1},
  pages={11--22},
  year={2004},
  publisher={Elsevier}
}

@article{zhang2021novel,
  title={A novel lattice structure topology optimization method with extreme anisotropic lattice properties},
  author={Zhang, Chenghu and Liu, Jikai and Yuan, Zhiling and Xu, Shuzhi and Zou, Bin and Li, Lei and Ma, Yongsheng},
  journal={Journal of Computational Design and Engineering},
  volume={8},
  number={5},
  pages={1367--1390},
  year={2021},
  publisher={Oxford University Press}
}

@article{latif2022vertebral,
  title={Vertebral Endplate Changes Correlate with Presence of Cartilaginous Endplate in the Herniated Disc Tissue: Factor Predicting Failure of Conservative Treatment},
  author={Latif, Rabia and Imran, Sumera and Ahmad, Ijaz and Ilyas, Muhammad Saad and Aziz, Amer and Zehra, Uruj},
  journal={Asian Spine Journal},
  volume={16},
  number={2},
  pages={212},
  year={2022},
  publisher={Korean Society of Spine Surgery}
}

@article{yoo2019interbody,
  title={Interbody options in lumbar fusion},
  author={Yoo, Joon S and Karmarkar, Sailee S and Lamoutte, Eric H and Singh, Kern and others},
  journal={Journal of Spine Surgery},
  volume={5},
  number={Suppl 1},
  pages={S19},
  year={2019},
  publisher={OSS Press}
}

@article{brandolini2014experimental,
  title={Experimental methods for the biomechanical investigation of the human spine: a review},
  author={Brandolini, Nicola and Cristofolini, Luca and Viceconti, Marco},
  journal={Journal of Mechanics in Medicine and Biology},
  volume={14},
  number={01},
  pages={1430002},
  year={2014},
  publisher={World Scientific}
}

@article{boyle2011comparison,
  title={Comparison of different hip prosthesis shapes considering micro-level bone remodeling and stress-shielding criteria using three-dimensional design space topology optimization},
  author={Boyle, Christopher and Kim, Il Yong},
  journal={Journal of biomechanics},
  volume={44},
  number={9},
  pages={1722--1728},
  year={2011},
  publisher={Elsevier}
}

@article{BABIC2008321,
title = {A review of automated feature recognition with rule-based pattern recognition},
journal = {Computers in Industry},
volume = {59},
number = {4},
pages = {321-337},
year = {2008},
issn = {0166-3615},
doi = {https://doi.org/10.1016/j.compind.2007.09.001},
url = {https://www.sciencedirect.com/science/article/pii/S0166361507001327},
author = {Bojan Babic and Nenad Nesic and Zoran Miljkovic},
}

@article{lu2013strain,
  title={Strain changes on the cortical shell of vertebral bodies due to spine ageing: A parametric study using a finite element model evaluated by strain measurements},
  author={Lu, Yongtao and Rosenau, Eike and Paetzold, Helge and Klein, Anke and P{\"u}schel, Klaus and Morlock, Michael M and Huber, Gerd},
  journal={Proceedings of the Institution of Mechanical Engineers, Part H: Journal of Engineering in Medicine},
  volume={227},
  number={12},
  pages={1265--1274},
  year={2013},
  publisher={SAGE Publications Sage UK: London, England}
}

@article{perie2005confined,
  title={Confined compression experiments on bovine nucleus pulposus and annulus fibrosus: sensitivity of the experiment in the determination of compressive modulus and hydraulic permeability},
  author={P{\'e}ri{\'e}, Delphine and Korda, David and Iatridis, James C},
  journal={Journal of biomechanics},
  volume={38},
  number={11},
  pages={2164--2171},
  year={2005},
  publisher={Elsevier}
}